<record><leader>00000cas a2200000 a 4500</leader><controlfield tag="001">30502888</controlfield><controlfield tag="007">hd afu---baca</controlfield><controlfield tag="008">940527d19371943nbuwr n a     0    0eng d</controlfield><datafield ind1=" " ind2=" " tag="010"><subfield code="a">sn 94055312 </subfield></datafield><datafield ind1=" " ind2=" " tag="040"><subfield code="a">NVG</subfield><subfield code="b">eng</subfield><subfield code="c">NVG</subfield><subfield code="d">OCL</subfield><subfield code="d">OCLCQ</subfield><subfield code="d">OCLCF</subfield><subfield code="d">OCLCO</subfield></datafield><datafield ind1="1" ind2=" " tag="029"><subfield code="a">AU@</subfield><subfield code="b">000022177125</subfield></datafield><datafield ind1=" " ind2=" " tag="042"><subfield code="a">msc</subfield></datafield><datafield ind1=" " ind2=" " tag="043"><subfield code="a">n-us-nb</subfield></datafield><datafield ind1="0" ind2="0" tag="245"><subfield code="a">Cedar Rapids leader-outlook</subfield><subfield code="h">[microform].</subfield></datafield><datafield ind1=" " ind2=" " tag="260"><subfield code="a">Cedar Rapids, Neb. :</subfield><subfield code="b">Edwin E. Van Ackeren,</subfield><subfield code="c">1937-1943.</subfield></datafield><datafield ind1=" " ind2=" " tag="300"><subfield code="a">7 v.</subfield></datafield><datafield ind1=" " ind2=" " tag="310"><subfield code="a">Weekly</subfield></datafield><datafield ind1="0" ind2=" " tag="362"><subfield code="a">Vol. 53, no. 30 (Apr. 15, 1937)-v. 59, no. 28 (Mar. 25, 1943).</subfield></datafield><datafield ind1=" " ind2=" " tag="580"><subfield code="a">Formed by the union of: Cedar Rapids leader (Cedar Rapids, Neb.), and: Cedar Rapids outlook.</subfield></datafield><datafield ind1=" " ind2=" " tag="533"><subfield code="a">Microfilm.</subfield><subfield code="b">Wooster, Ohio :</subfield><subfield code="c">Bell &amp; Howell.</subfield><subfield code="e">2 microfilm reels ; 35 mm.</subfield></datafield><datafield ind1=" " ind2="0" tag="651"><subfield code="a">Boone County (Neb.)</subfield><subfield code="v">Newspapers.</subfield></datafield><datafield ind1=" " ind2="0" tag="651"><subfield code="a">Cedar Rapids (Neb.) Newspapers.</subfield></datafield><datafield ind1=" " ind2="7" tag="655"><subfield code="a">Newspapers.</subfield><subfield code="2">fast</subfield><subfield code="0">(OCoLC)fst01423814</subfield></datafield><datafield ind1=" " ind2="7" tag="651"><subfield code="a">Nebraska</subfield><subfield code="z">Boone County.</subfield><subfield code="2">fast</subfield><subfield code="0">(OCoLC)fst01224242</subfield></datafield><datafield ind1=" " ind2="7" tag="651"><subfield code="a">Nebraska</subfield><subfield code="z">Cedar Rapids.</subfield><subfield code="2">fast</subfield><subfield code="0">(OCoLC)fst01278602</subfield></datafield><datafield ind1=" " ind2=" " tag="752"><subfield code="a">United States</subfield><subfield code="b">Nebraska</subfield><subfield code="c">Boone</subfield><subfield code="d">Cedar Rapids.</subfield></datafield><datafield ind1="0" ind2="5" tag="780"><subfield code="t">Primrose press</subfield><subfield code="w">(DLC)sn 94055248</subfield></datafield><datafield ind1="1" ind2="4" tag="780"><subfield code="t">Cedar Rapids leader (Cedar Rapids, Neb.)</subfield><subfield code="w">(DLC)sn 94055243</subfield></datafield><datafield ind1="1" ind2="4" tag="780"><subfield code="t">Cedar Rapids outlook</subfield><subfield code="w">(DLC)sn 94055307</subfield></datafield><datafield ind1="0" ind2="4" tag="785"><subfield code="a">Albion weekly news</subfield><subfield code="w">(DLC)sn 94055237</subfield></datafield></record>